
@article{yolov3,
  title={YOLOv3: An Incremental Improvement},
  author={Redmon, Joseph and Farhadi, Ali},
  journal = {arXiv},
  url = {https://pjreddie.com/media/files/papers/YOLOv3.pdf},
  year={2018},
}









